@book{rossi2006,
  author = {Francesca Rossi and Peter van Beek and Toby Walsh},
  title = {Handbook of Constraint Programming},
  year = {2006},
  publisher = {Elsevier},
  address = {Amsterdam}
}

@book{artigues2008resource,
  author    = {Christian Artigues and Sophie Demassey and Emmanuel NÃ©ron},
  title     = {Resource-Constrained Project Scheduling: Models, Algorithms, Extensions and Applications},
  publisher = {Wiley},
  year      = {2008},
  address   = {London, UK},
  isbn      = {978-1-84821-034-9},
  note      = {Includes bibliographical references and index},
  keywords  = {Production scheduling, Resource management},
  series    = {Library of Congress Cataloging-in-Publication Data},
  classification = {TS157.5.A77 2008},
  lccl      = {658.53}
}